@misc{TexLive,
  title        = {{TexWiki TeXLive}},
  howpublished = {\url{https://texwiki.texjp.org/?TeX%20Live}}
}
@misc{BasicTeX,
  title        = {{TexWiki BasicTeX}},
  howpublished = {\url{https://texwiki.texjp.org/?BasicTeX#w71ff68}}
}
@misc{jlisting,
  title        = {{Ubuntu上のtex文書にjlistingパッケージを使ってソースコードを掲載する}},
  howpublished = {\url{https://qiita.com/ocian/items/28bbbec6c44b9b6b44c4}}
}