@book{Knuth1984-gd,
  title     = {The {TeXbook}},
  author    = {Knuth, Donald E},
  publisher = {Addison Wesley},
  series    = {Computers \& typesetting},
  month     = jan,
  year      = 1984,
  address   = {Boston, MA},
  language  = {en}
}
